<?xml version="1.0" encoding="UTF-8"?>
<collection
  xmlns:xsi="http://www.w3.org/2001/XMLSchema-instance"
  xsi:schemaLocation="http://www.loc.gov/MARC21/slim http://www.loc.gov/standards/marcxml/schema/MARC21slim.xsd"
  xmlns="http://www.loc.gov/MARC21/slim">

<record>
  <leader>01727nam a22004211i 4500</leader>
  <controlfield tag="001">bk193802294</controlfield>
  <controlfield tag="003">CZ PrNK</controlfield>
  <controlfield tag="005">20220309091218.0</controlfield>
  <controlfield tag="007">ta</controlfield>
  <controlfield tag="008">990316s1938    xr cfh e      000 0 cze  </controlfield>
  <datafield tag="015" ind1=" " ind2=" ">
    <subfield code="a">cnb000750575</subfield>
  </datafield>
  <datafield tag="020" ind1=" " ind2=" ">
    <subfield code="q">(Brožováno)</subfield>
  </datafield>
  <datafield tag="035" ind1=" " ind2=" ">
    <subfield code="a">(OCoLC)85610379</subfield>
  </datafield>
  <datafield tag="040" ind1=" " ind2=" ">
    <subfield code="a">ABA001</subfield>
    <subfield code="b">cze</subfield>
    <subfield code="c">HKA001</subfield>
    <subfield code="d">ABA001</subfield>
    <subfield code="e">rda</subfield>
  </datafield>
  <datafield tag="072" ind1=" " ind2="7">
    <subfield code="a">364</subfield>
    <subfield code="x">Sociální problémy vyžadující podporu a pomoc. Sociální zabezpečení</subfield>
    <subfield code="2">Konspekt</subfield>
    <subfield code="9">18</subfield>
  </datafield>
  <datafield tag="080" ind1=" " ind2=" ">
    <subfield code="a">178.1</subfield>
    <subfield code="2">MRF</subfield>
  </datafield>
  <datafield tag="080" ind1=" " ind2=" ">
    <subfield code="a">364.692:[663.51:615.015.6]</subfield>
    <subfield code="2">MRF</subfield>
  </datafield>
  <datafield tag="080" ind1=" " ind2=" ">
    <subfield code="a">613.81</subfield>
    <subfield code="2">MRF</subfield>
  </datafield>
  <datafield tag="080" ind1=" " ind2=" ">
    <subfield code="a">(049)</subfield>
    <subfield code="2">MRF</subfield>
  </datafield>
  <datafield tag="100" ind1="1" ind2=" ">
    <subfield code="a">Masaryk, Tomáš Garrigue,</subfield>
    <subfield code="d">1850-1937</subfield>
    <subfield code="7">jk01080472</subfield>
    <subfield code="4">aut</subfield>
  </datafield>
  <datafield tag="245" ind1="1" ind2="0">
    <subfield code="a">O alkoholismu ;</subfield>
    <subfield code="b">O ethice a alkoholismu /</subfield>
    <subfield code="c">T.G. Masaryk ; předmluvu napsal V.K. Škrach</subfield>
  </datafield>
  <datafield tag="250" ind1=" " ind2=" ">
    <subfield code="a">Vydání 6. a 4. nezměněné</subfield>
  </datafield>
  <datafield tag="264" ind1=" " ind2="1">
    <subfield code="a">V Brně :</subfield>
    <subfield code="b">Moravskoslezské zem. ústředí Čs. abstinentního svazu,</subfield>
    <subfield code="c">1938</subfield>
  </datafield>
  <datafield tag="300" ind1=" " ind2=" ">
    <subfield code="a">48 stran, 4 nečíslované strany obrazových příloh :</subfield>
    <subfield code="b">portréty, faksimile ;</subfield>
    <subfield code="c">21 cm</subfield>
  </datafield>
  <datafield tag="336" ind1=" " ind2=" ">
    <subfield code="a">text</subfield>
    <subfield code="b">txt</subfield>
    <subfield code="2">rdacontent</subfield>
  </datafield>
  <datafield tag="337" ind1=" " ind2=" ">
    <subfield code="a">bez média</subfield>
    <subfield code="b">n</subfield>
    <subfield code="2">rdamedia</subfield>
  </datafield>
  <datafield tag="338" ind1=" " ind2=" ">
    <subfield code="a">svazek</subfield>
    <subfield code="b">nc</subfield>
    <subfield code="2">rdacarrier</subfield>
  </datafield>
  <datafield tag="650" ind1="0" ind2="7">
    <subfield code="a">alkoholismus</subfield>
    <subfield code="7">ph118354</subfield>
    <subfield code="2">czenas</subfield>
  </datafield>
  <datafield tag="650" ind1="0" ind2="9">
    <subfield code="a">alcoholism</subfield>
    <subfield code="2">eczenas</subfield>
  </datafield>
  <datafield tag="655" ind1=" " ind2="7">
    <subfield code="a">pojednání</subfield>
    <subfield code="7">fd133056</subfield>
    <subfield code="2">czenas</subfield>
  </datafield>
  <datafield tag="655" ind1=" " ind2="9">
    <subfield code="a">essays</subfield>
    <subfield code="2">eczenas</subfield>
  </datafield>
  <datafield tag="700" ind1="1" ind2=" ">
    <subfield code="a">Škrach, Vasil Kaprálek,</subfield>
    <subfield code="d">1891-1943</subfield>
    <subfield code="7">jk01130369</subfield>
    <subfield code="4">aui</subfield>
  </datafield>
  <datafield tag="700" ind1="1" ind2="2">
    <subfield code="a">Masaryk, Tomáš Garrigue,</subfield>
    <subfield code="d">1850-1937.</subfield>
    <subfield code="t">O alkoholismu</subfield>
  </datafield>
  <datafield tag="700" ind1="1" ind2="2">
    <subfield code="a">Masaryk, Tomáš Garrigue,</subfield>
    <subfield code="d">1850-1937.</subfield>
    <subfield code="t">O ethice a alkoholismu</subfield>
  </datafield>
  <datafield tag="856" ind1="4" ind2="1">
    <subfield code="u">http://krameriusndk.nkp.cz/search/handle/uuid:bc73ffe0-6026-11e4-8214-005056827e51</subfield>
    <subfield code="y">Digitalizovaný dokument</subfield>
  </datafield>
  <datafield tag="910" ind1=" " ind2=" ">
    <subfield code="a">ABA001</subfield>
  </datafield>
  <datafield tag="928" ind1="9" ind2=" ">
    <subfield code="a">Československý abstinentní svaz, Moravskoslezské zemské ústředí</subfield>
  </datafield>
  <datafield tag="998" ind1=" " ind2=" ">
    <subfield code="a">000750575</subfield>
  </datafield>
</record>

</collection>